<?xml version="1.0" encoding="UTF-8"?><collection xmlns="http://www.loc.gov/MARC21/slim"><record><leader>00458nam--2200157-i-4500</leader><controlfield tag="001">000014020</controlfield><controlfield tag="002">20161230</controlfield><controlfield tag="005">20170221235312</controlfield><controlfield tag="008">060222s1000------------r-----000-0-eng-d</controlfield><datafield ind1=" " ind2=" " tag="080"><subfield code="a">547.002</subfield></datafield><datafield ind1=" " ind2=" " tag="245"><subfield code="a">Organicum. Chimie organica practica. Traducere Andrei Bandi si Francisc Kerek</subfield></datafield><datafield ind1=" " ind2=" " tag="260"><subfield code="a">Bucuresti</subfield><subfield code="b">Editura Stiintifica Si Enciclopedica</subfield><subfield code="c">1982</subfield></datafield><datafield ind1=" " ind2=" " tag="300"><subfield code="a">760 p. + 1 Fig</subfield></datafield><datafield ind1=" " ind2=" " tag="700"><subfield code="a">Becker, Heinz</subfield></datafield><datafield ind1=" " ind2=" " tag="852"><subfield code="a">49483</subfield></datafield><datafield ind1=" " ind2=" " tag="CAT"><subfield code="a">SYS</subfield><subfield code="c">20170221</subfield><subfield code="h">235312</subfield></datafield></record></collection>